@article{vincent2007,
  title = {Quantum Monte Carlo calculations of the optical gaps of Ge nanoclusters using core-polarization potentials},
  author = {Vincent, Jordan E. and Kim, Jeongnim and Martin, Richard M.},
  journal = {Phys. Rev. B},
  volume = {75},
  issue = {4},
  pages = {045302},
  numpages = {10},
  year = {2007},
  month = {Jan},
  publisher = {American Physical Society},
  doi = {10.1103/PhysRevB.75.045302},
  url = {http://link.aps.org/doi/10.1103/PhysRevB.75.045302}
}
